@book{sterling2015principles,
  title={Principles of neural design},
  author={Sterling, Peter and Laughlin, Simon},
  year={2015},
  publisher={MIT Press}
}

@article{mainen1995reliability,
  title={Reliability of spike timing in neocortical neurons},
  author={Mainen, Zachary F and Sejnowski, Terrence J},
  journal={Science},
  volume={268},
  number={5216},
  pages={1503--1506},
  year={1995},
  publisher={American Association for the Advancement of Science}
}

@inproceedings{roychowdhury1991efficient,
  title={Efficient transient simulation of lossy interconnect},
  author={Roychowdhury, Jaijeet S and Pederson, Donald O},
  booktitle={Proceedings of the 28th ACM/IEEE Design Automation Conference},
  pages={740--745},
  year={1991}
}

@article{badlangana2007observations,
  title={Observations on the giraffe central nervous system related to the corticospinal tract, motor cortex and spinal cord: what difference does a long neck make?},
  author={Badlangana, NL and Bhagwandin, A and Fuxe, K and Manger, PR},
  journal={Neuroscience},
  volume={148},
  number={2},
  pages={522--534},
  year={2007},
  publisher={Elsevier}
}

@article{riddle1997introduction,
  title={Introduction to C. elegans--C. elegans II},
  author={Riddle, Donald L and Blumenthal, Thomas and Meyer, Barbara J and Priess, James R},
  year={1997},
  publisher={Cold Spring Harbor Laboratory Press}
}
    
@inproceedings{felleman1991distributed,
  title={Distributed hierarchical processing in the primate cerebral cortex},
  author={Felleman, Daniel J and Van Essen, David C},
  booktitle={Cereb cortex},
  year={1991},
  organization={Citeseer}
}

