@book{sterling2015principles,
  title={Principles of neural design},
  author={Sterling, Peter and Laughlin, Simon},
  year={2015},
  publisher={MIT Press}
}

@article{mainen1995reliability,
  title={Reliability of spike timing in neocortical neurons},
  author={Mainen, Zachary F and Sejnowski, Terrence J},
  journal={Science},
  volume={268},
  number={5216},
  pages={1503--1506},
  year={1995},
  publisher={American Association for the Advancement of Science}
}

@inproceedings{roychowdhury1991efficient,
  title={Efficient transient simulation of lossy interconnect},
  author={Roychowdhury, Jaijeet S and Pederson, Donald O},
  booktitle={Proceedings of the 28th ACM/IEEE Design Automation Conference},
  pages={740--745},
  year={1991}
}

@article{badlangana2007observations,
  title={Observations on the giraffe central nervous system related to the corticospinal tract, motor cortex and spinal cord: what difference does a long neck make?},
  author={Badlangana, NL and Bhagwandin, A and Fuxe, K and Manger, PR},
  journal={Neuroscience},
  volume={148},
  number={2},
  pages={522--534},
  year={2007},
  publisher={Elsevier}
}

@article{riddle1997introduction,
  title={Introduction to C. elegans--C. elegans II},
  author={Riddle, Donald L and Blumenthal, Thomas and Meyer, Barbara J and Priess, James R},
  year={1997},
  publisher={Cold Spring Harbor Laboratory Press}
}
    
@inproceedings{felleman1991distributed,
  title={Distributed hierarchical processing in the primate cerebral cortex},
  author={Felleman, Daniel J and Van Essen, David C},
  booktitle={Cereb cortex},
  year={1991},
  organization={Citeseer}
}

@article{olshausen2004sparse,
  title={Sparse coding of sensory inputs},
  author={Olshausen, Bruno A and Field, David J},
  journal={Current opinion in neurobiology},
  volume={14},
  number={4},
  pages={481--487},
  year={2004},
  publisher={Elsevier}
}

@article{field1994goal,
  title={What is the goal of sensory coding?},
  author={Field, David J},
  journal={Neural computation},
  volume={6},
  number={4},
  pages={559--601},
  year={1994},
  publisher={MIT Press}
}

@article{hyvarinen1999fast,
  title={Fast and robust fixed-point algorithms for independent component analysis},
  author={Hyvarinen, Aapo},
  journal={IEEE transactions on Neural Networks},
  volume={10},
  number={3},
  pages={626--634},
  year={1999},
  publisher={IEEE}
}

@article{oja2006fastica,
  title={The FastICA algorithm revisited: Convergence analysis},
  author={Oja, Erkki and Yuan, Zhijian},
  journal={IEEE Transactions on Neural Networks},
  volume={17},
  number={6},
  pages={1370--1381},
  year={2006},
  publisher={IEEE}
}

